@article{freud1915unconscious,
  title={The unconscious},
  author={Freud, Sigmund},
  journal={Standard edition},
  volume={14},
  number={1957},
  pages={159--215},
  year={1915}
}
@article{watson1913psychology,
  title={Psychology as the behaviorist views it.},
  author={Watson, John B},
  journal={Psychological review},
  volume={20},
  number={2},
  pages={158},
  year={1913},
  publisher={Psychological Review Company}
}
@article{rogers1963toward,
  title={Toward a science of the person},
  author={Rogers, Carl R},
  journal={Journal of Humanistic Psychology},
  volume={3},
  number={2},
  pages={72--92},
  year={1963},
  publisher={Sage Publications Sage CA: Thousand Oaks, CA}
}
@article{reeves1997media,
  title={The media equation: how people treat computers, television,? new media like real people? places},
  author={Reeves, Byron and Nass, Cliffor},
  journal={Computers and Mathematics with Applications},
  volume={5},
  number={33},
  pages={128},
  year={1997}
}
@article{bandura1989human,
  title={Human agency in social cognitive theory.},
  author={Bandura, Albert},
  journal={American psychologist},
  volume={44},
  number={9},
  pages={1175},
  year={1989},
  publisher={American Psychological Association}
}
@article{bandura2011social,
  title={Social cognitive theory},
  author={Bandura, Albert},
  journal={Handbook of social psychological theories},
  volume={2012},
  pages={349--373},
  year={2011}
}
@book{allport1937personality,
  title={Personality},
  author={Allport, Gordon Willard},
  year={1937},
  publisher={Holt New York}
}
@article{allbeck2002toward,
  title={Toward representing agent behaviors modified by personality and emotion},
  author={Allbeck, Jan and Badler, Norman},
  journal={Embodied Conversational Agents at AAMAS},
  volume={2},
  pages={15--19},
  year={2002}
}
@article{egges2004generic,
  title={Generic personality and emotion simulation for conversational agents},
  author={Egges, Arjan and Kshirsagar, Sumedha and Magnenat-Thalmann, Nadia},
  journal={Computer animation and virtual worlds},
  volume={15},
  number={1},
  pages={1--13},
  year={2004},
  publisher={Wiley Online Library}
}
@inproceedings{andre2000exploiting,
  title={Exploiting models of personality and emotions to control the behavior of animated interactive agents},
  author={Andr{\'e}, Elisabeth and Klesen, Martin and Gebhard, Patrick and Allen, Steve and Rist, Thomas and others},
  booktitle={Fourth International Conference on Autonomous Agents},
  pages={3--7},
  year={2000}
}
@article{tapus2008user,
  title={Userâ€”robot personality matching and assistive robot behavior adaptation for post-stroke rehabilitation therapy},
  author={Tapus, Adriana and {\c{T}}{\u{a}}pu{\c{s}}, Cristian and Matari{\'c}, Maja J},
  journal={Intelligent Service Robotics},
  volume={1},
  number={2},
  pages={169--183},
  year={2008},
  publisher={Springer}
}
@inproceedings{woods2005robot,
  title={Is this robot like me? Links between human and robot personality traits},
  author={Woods, Sarah and Dautenhahn, Kerstin and Kaouri, Christina and Boekhorst, Renete and Koay, Kheng Lee},
  booktitle={Humanoid Robots, 2005 5th IEEE-RAS International Conference on},
  pages={375--380},
  year={2005},
  organization={IEEE}
}
@article{hendriks2011robot,
  title={Robot vacuum cleaner personality and behavior},
  author={Hendriks, Bram and Meerbeek, Bernt and Boess, Stella and Pauws, Steffen and Sonneveld, Marieke},
  journal={International Journal of Social Robotics},
  volume={3},
  number={2},
  pages={187--195},
  year={2011},
  publisher={Springer}
}
@article{cattell1957personality,
  title={Personality and motivation structure and measurement.},
  author={Cattell, Raymond B},
  year={1957},
  publisher={World Book Co.}
}
@article{eysenck1953structure,
  title={The structure of human personality.},
  author={Eysenck, Hans Jurgen},
  year={1953},
  publisher={Methuen}
}
@article{fiske1949consistency,
  title={Consistency of the factorial structures of personality ratings from different sources.},
  author={Fiske, Donald W},
  journal={The Journal of Abnormal and Social Psychology},
  volume={44},
  number={3},
  pages={329},
  year={1949},
  publisher={American Psychological Association}
}
@article{norman1963toward,
  title={Toward an adequate taxonomy of personality attributes: Replicated factor structure in peer nomination personality ratings.},
  author={Norman, Warren T},
  journal={The Journal of Abnormal and Social Psychology},
  volume={66},
  number={6},
  pages={574},
  year={1963},
  publisher={American Psychological Association}
}
@article{goldberg1993structure,
  title={The structure of phenotypic personality traits.},
  author={Goldberg, Lewis R},
  journal={American psychologist},
  volume={48},
  number={1},
  pages={26},
  year={1993},
  publisher={American Psychological Association}
}
@article{digman1996curious,
  title={The curious history of the five-factor model.},
  author={Digman, John M},
  year={1996},
  publisher={Guilford Press}
}
@article{john1999big,
  title={The Big Five trait taxonomy: History, measurement, and theoretical perspectives},
  author={John, Oliver P and Srivastava, Sanjay},
  journal={Handbook of personality: Theory and research},
  volume={2},
  number={1999},
  pages={102--138},
  year={1999},
  publisher={Guilford}
}
@article{moors2009theories,
  title={Theories of emotion causation: A review},
  author={Moors, Agnes},
  journal={Cognition and Emotion},
  volume={23},
  number={4},
  pages={625--662},
  year={2009},
  publisher={Taylor \& Francis}
}
@article{james1884emotion,
  title={What is an emotion?},
  author={James, William},
  journal={Mind},
  volume={9},
  number={34},
  pages={188--205},
  year={1884},
  publisher={JSTOR}
}
@article{lange1885mechanism,
  title={The mechanism of the emotions},
  author={Lange, Carl Georg},
  journal={The classical psychologists},
  pages={672--684},
  year={1885}
}
@article{ekman1992argument,
  title={An argument for basic emotions},
  author={Ekman, Paul},
  journal={Cognition \& emotion},
  volume={6},
  number={3-4},
  pages={169--200},
  year={1992},
  publisher={Taylor \& Francis}
}
@article{ekman1979facial,
  title={Facial expressions of emotion},
  author={Ekman, Paul and Oster, Harriet},
  journal={Annual review of psychology},
  volume={30},
  number={1},
  pages={527--554},
  year={1979},
  publisher={Annual Reviews, Palo Alto CA, USA}
}
@article{cannon1927james,
  title={The James-Lange theory of emotions: A critical examination and an alternative theory},
  author={Cannon, Walter B},
  journal={The American journal of psychology},
  volume={39},
  number={1/4},
  pages={106--124},
  year={1927},
  publisher={JSTOR}
}
@book{lazarus1991emotion,
  title={Emotion and adaptation},
  author={Lazarus, Richard S},
  year={1991},
  publisher={Oxford University Press on Demand}
}
@article{schachter1962cognitive,
  title={Cognitive, social, and physiological determinants of emotional state.},
  author={Schachter, Stanley and Singer, Jerome},
  journal={Psychological review},
  volume={69},
  number={5},
  pages={379},
  year={1962},
  publisher={American Psychological Association}
}
@article{damasio1996somatic,
  title={The somatic marker hypothesis and the possible functions of the prefrontal cortex [and discussion]},
  author={Damasio, Antonio R and Everitt, Barry J and Bishop, Dorothy},
  journal={Philosophical Transactions of the Royal Society B: Biological Sciences},
  volume={351},
  number={1346},
  pages={1413--1420},
  year={1996},
  publisher={The Royal Society}
}